<?xml version="1.0" encoding="UTF-8"?><collection xmlns="http://www.loc.gov/MARC21/slim"><record><leader>00622nam--2200181-u-4500</leader><controlfield tag="001">000054775</controlfield><controlfield tag="002">20161230</controlfield><controlfield tag="005">20161230201051</controlfield><controlfield tag="008">120608s1000------------r-----000-0-eng-d</controlfield><datafield ind1=" " ind2=" " tag="040"><subfield code="a">IFIN-HH</subfield></datafield><datafield ind1=" " ind2=" " tag="080"><subfield code="a">015:530.1:539.171</subfield></datafield><datafield ind1="1" ind2=" " tag="100"><subfield code="a">Ghika, Grigore</subfield></datafield><datafield ind1="1" ind2="0" tag="245"><subfield code="a">Aplicatii ale proprietatilor analitice ale amplitudinilor si ale algebrei de curenti in interactii tari</subfield><subfield code="b">Autoreferatul tezei</subfield><subfield code="c">Grigore ghika</subfield></datafield><datafield ind1=" " ind2=" " tag="260"><subfield code="a">Bucuresti</subfield><subfield code="b">Comitetul De Stat Pentru Energia Nucleara</subfield><subfield code="c">1972</subfield></datafield><datafield ind1=" " ind2=" " tag="300"><subfield code="a">23P</subfield></datafield><datafield ind1=" " ind2=" " tag="502"><subfield code="a">Conducator Stiintific: Acad.Prof. Serban Titeica</subfield></datafield><datafield ind1=" " ind2=" " tag="852"><subfield code="a">37356</subfield><subfield code="c">539.17</subfield></datafield><datafield ind1=" " ind2=" " tag="CAT"><subfield code="a">Sys</subfield><subfield code="c">20120608</subfield><subfield code="h">123813</subfield></datafield></record></collection>